@online{LBM,
	author = {{Jordan Pierce}},
	title = {Bifurcation Diagram},
	date = {17/10/2019},
	url = {https://en.wikipedia.org/wiki/Logistic_map#cite_note-3},

}

@online{UN,
	author = {{United Nations Development Programme}},
	title = {World Energy Assessment},
	Date = {20/10/2019},
	url = {https://www.undp.org/content/dam/aplaws/publication/en/publications/environment-energy/www-ee-library/sustainable-energy/world-energy-assessment-energy-and-the-challenge-of-sustainability/World%20Energy%20Assessment-2000.pdf}
}

@online{IEA,
	author = {{International Energy Agency}},
	title = {Key World Energy Statistics},
	Date = {20/10/2019},
	url = {ftp://ftp.energia.bme.hu/pub/energetikai_alapismeretek/KeyWorld_Statistics_2015.pdf}

}